
@Misc{Tan15,
  author       = {Till Tantau},
  title        = {TikZ \& PGF - Manual for Version 3.0.1a},
  howpublished = {\url{http://mirror.ctan.org/graphics/pgf/base/doc/pgfmanual.pdf}},
  note         = {Retrieved: July 27, 2018},
  year         = {2015}
}

@Misc{Wol18,
  author       = {Matthias Wolff},
  title        = {The \texttt{tikz-quantumgates} Package: Drawing quantum circuits with {TikZ}},
  howpublished = {\url{https://github.com/matthias-wolff/tikz-quantumgates}},
  note         = {Retrieved: August 20, 2018},
  year         = {2018}
}
